@mastersthesis{prediktiv,
	author = {Nguyen, Kim},
	institution = {KTH, School of Computer Science and Communication (CSC)},
	school = {KTH, School of Computer Science and Communication (CSC)},
	title = {Prediktivt underh{\aa}ll baserat p{\aa} sensordata : Till{\"a}mpning av maskininl{\"a}rningsalgoritmer f{\"o}r prediktivt underh{\aa}ll},
	abstract = {Föreställ dig en maskin som transporterar gods. På denna maskin placeras en sensor. Detta examensarbete undersöker möjligheten i att använda maskininlärning som metod för prediktivt underhåll baserat på data från sådana sensorer. Metodiken delas in i två delar. I den första delen skapas en binär klassificerare tränat på sensorvärden från normal maskinfunktion. Därefter är det möjligt att klassificera nya sensorvärden som normala eller som anomala värden. Tre olika klassificerare implementeras. Den andra delen är tillägnad testning av klassificerarna i relation till prediktivt underhåll genom simulering av maskinfel. Samtliga klassificerare uppvisar resultat som troliggör att klassificerarna kan användas för prediktivt underhåll baserat på det givna sensordatat. },
	year = {2016}
}

@book{nielsen2015neural,
  title={Neural networks and deep learning},
  author={Nielsen, Michael A},
  volume={25},
  year={2015},
  publisher={Determination press San Francisco, CA, USA:}
}

@phdthesis{espling2004ramverk,
  title={Ramverk f{\"o}r en drift-och underh{\aa}llsstrategi ur ett regelstyrt infrastrukturperspektiv},
  author={Espling, Ulla},
  year={2004},
  school={Lule{\aa} tekniska universitet}
}

@article{lee2014service,
  title={Service innovation and smart analytics for industry 4.0 and big data environment},
  author={Lee, Jay and Kao, Hung-An and Yang, Shanhu},
  journal={Procedia Cirp},
  volume={16},
  pages={3--8},
  year={2014},
  publisher={Elsevier}
}

@inproceedings{aydin2017using,
  title={Using LSTM networks to predict engine condition on large scale data processing framework},
  author={Aydin, Olgun and Guldamlasioglu, Seren},
  booktitle={2017 4th International Conference on Electrical and Electronic Engineering (ICEEE)},
  pages={281--285},
  year={2017},
  organization={IEEE}
}

@article{angeline1994evolutionary,
  title={An evolutionary algorithm that constructs recurrent neural networks},
  author={Angeline, Peter J and Saunders, Gregory M and Pollack, Jordan B},
  journal={IEEE transactions on Neural Networks},
  volume={5},
  number={1},
  pages={54--65},
  year={1994},
  publisher={IEEE}
}

@article{hornik1989multilayer,
  title={Multilayer feedforward networks are universal approximators},
  author={Hornik, Kurt and Stinchcombe, Maxwell and White, Halbert},
  journal={Neural networks},
  volume={2},
  number={5},
  pages={359--366},
  year={1989},
  publisher={Elsevier}
}

@misc{chen2018recurrent,
  title={Recurrent Neural Networks for Fault Detection: An exploratory study on a dataset about air compressor failures of heavy duty trucks},
  author={Chen, Kunru},
  year={2018}
}

@article{graves2009novel,
  title={A novel connectionist system for unconstrained handwriting recognition},
  author={Graves, Alex and Liwicki, Marcus and Fern{\'a}ndez, Santiago and Bertolami, Roman and Bunke, Horst and Schmidhuber, J{\"u}rgen},
  journal={IEEE transactions on pattern analysis and machine intelligence},
  volume={31},
  number={5},
  pages={855--868},
  year={2009},
  publisher={IEEE}
}

@article{cybenko1989approximation,
  title={Approximation by superpositions of a sigmoidal function},
  author={Cybenko, George},
  journal={Mathematics of control, signals and systems},
  volume={2},
  number={4},
  pages={303--314},
  year={1989},
  publisher={Springer}
}

@inproceedings{pascanu2013difficulty,
  title={On the difficulty of training recurrent neural networks},
  author={Pascanu, Razvan and Mikolov, Tomas and Bengio, Yoshua},
  booktitle={International conference on machine learning},
  pages={1310--1318},
  year={2013}
}

@phdthesis{bayer2015learning,
  title={Learning Sequence Representations},
  author={Bayer, Justin Simon},
  year={2015},
  school={Technische Universit{\"a}t M{\"u}nchen}
}

@article{gers1999learning,
  title={Learning to forget: Continual prediction with LSTM},
  author={Gers, Felix A and Schmidhuber, J{\"u}rgen and Cummins, Fred},
  year={1999},
  publisher={IET}
}

@article{susto2015machine,
  title={Machine learning for predictive maintenance: A multiple classifier approach},
  author={Susto, Gian Antonio and Schirru, Andrea and Pampuri, Simone and McLoone, Se{\'a}n and Beghi, Alessandro},
  journal={IEEE Transactions on Industrial Informatics},
  volume={11},
  number={3},
  pages={812--820},
  year={2015},
  publisher={IEEE}
}

@article{orhan2006vibration,
  title={Vibration monitoring for defect diagnosis of rolling element bearings as a predictive maintenance tool: Comprehensive case studies},
  author={Orhan, Sadettin and Akt{\"u}rk, Nizami and Celik, Veli},
  journal={Ndt \& E International},
  volume={39},
  number={4},
  pages={293--298},
  year={2006},
  publisher={Elsevier}
}

@phdthesis{prytz2014machine,
  title={Machine learning methods for vehicle predictive maintenance using off-board and on-board data},
  author={Prytz, Rune},
  year={2014},
  school={Halmstad University Press}
}

@article{cho2014learning,
  title={Learning phrase representations using RNN encoder-decoder for statistical machine translation},
  author={Cho, Kyunghyun and Van Merri{\"e}nboer, Bart and Gulcehre, Caglar and Bahdanau, Dzmitry and Bougares, Fethi and Schwenk, Holger and Bengio, Yoshua},
  journal={arXiv preprint arXiv:1406.1078},
  year={2014}
}

@inproceedings{fu2016using,
  title={Using LSTM and GRU neural network methods for traffic flow prediction},
  author={Fu, Rui and Zhang, Zuo and Li, Li},
  booktitle={2016 31st Youth Academic Annual Conference of Chinese Association of Automation (YAC)},
  pages={324--328},
  year={2016},
  organization={IEEE}
}

@inproceedings{zhang2018detecting,
  title={Detecting hate speech on twitter using a convolution-gru based deep neural network},
  author={Zhang, Ziqi and Robinson, David and Tepper, Jonathan},
  booktitle={European Semantic Web Conference},
  pages={745--760},
  year={2018},
  organization={Springer}
}

@article{fisher1936use,
  title={The use of multiple measurements in taxonomic problems},
  author={Fisher, Ronald A},
  journal={Annals of eugenics},
  volume={7},
  number={2},
  pages={179--188},
  year={1936},
  publisher={Wiley Online Library}
}

@article{brettel2014virtualization,
  title={How virtualization, decentralization and network building change the manufacturing landscape: An Industry 4.0 Perspective},
  author={Brettel, Malte and Friederichsen, Niklas and Keller, Michael and Rosenberg, Marius},
  journal={International journal of mechanical, industrial science and engineering},
  volume={8},
  number={1},
  pages={37--44},
  year={2014}
}

@techreport{svenskstandard,
  type = {Standard},
  key = {SS-EN 13306:2017},
  month = {12},
  year = {2017},
  title = {{Underhåll - Terminologi}},
  volume = {STD-80009894},
  institution = {Svenska Institutet för Standarder, Underhåll, SIS/TK 113}
}