% Include references here
@book{AIMA,
  title={Artificial Intelligence: A Modern Approach. 3:rd edition},
  author={Russel, S. \& Norvig, P.},
  year={2010},
  publisher={Prentice Hall}
}
